<record><leader>00000cas a22000007a 4500</leader><controlfield tag="001">20439068</controlfield><controlfield tag="008">891004d19521983mduwr ne      0    0eng d</controlfield><datafield ind1=" " ind2=" " tag="010"><subfield code="a">sn 89060069 </subfield></datafield><datafield ind1=" " ind2=" " tag="040"><subfield code="a">MFN</subfield><subfield code="b">eng</subfield><subfield code="c">MFN</subfield><subfield code="d">OCLCQ</subfield></datafield><datafield ind1=" " ind2=" " tag="042"><subfield code="a">msc</subfield></datafield><datafield ind1="0" ind2=" " tag="130"><subfield code="a">County record (Denton, Md.)</subfield></datafield><datafield ind1="1" ind2="4" tag="245"><subfield code="a">The county record.</subfield></datafield><datafield ind1=" " ind2=" " tag="260"><subfield code="a">Denton, Md. :</subfield><subfield code="b">Easton Pub. Co.</subfield></datafield><datafield ind1=" " ind2=" " tag="300"><subfield code="a">v.</subfield></datafield><datafield ind1=" " ind2=" " tag="310"><subfield code="a">Weekly</subfield></datafield><datafield ind1="0" ind2=" " tag="362"><subfield code="a">Vol. 1, no. 1 (May 22, 1952)-v. 31, no. 3 (July 27, 1983).</subfield></datafield><datafield ind1=" " ind2=" " tag="752"><subfield code="a">United States</subfield><subfield code="b">Maryland</subfield><subfield code="c">Caroline</subfield><subfield code="d">Denton.</subfield></datafield><datafield ind1="0" ind2="5" tag="780"><subfield code="t">Caroline sun</subfield><subfield code="w">(DLC)sn 88065180</subfield></datafield><datafield ind1="0" ind2="5" tag="780"><subfield code="t">Denton journal (Denton, Md.)</subfield><subfield code="w">(DLC)sn 84026682</subfield></datafield><datafield ind1="0" ind2="7" tag="785"><subfield code="t">Federalsburg times (Federalsburg, Md. : 1964)</subfield><subfield code="w">(DLC)sn 89060149</subfield></datafield><datafield ind1="0" ind2="7" tag="785"><subfield code="t">Caroline County times-record</subfield><subfield code="w">(DLC)sn 83008636</subfield></datafield></record>